<record><leader>00000cas a22000007a 4500</leader><controlfield tag="001">20335702</controlfield><controlfield tag="008">890913d19791982mouwr ne      0    0eng d</controlfield><datafield ind1=" " ind2=" " tag="010"><subfield code="a">sn 89067029 </subfield></datafield><datafield ind1=" " ind2=" " tag="040"><subfield code="a">MQN</subfield><subfield code="b">eng</subfield><subfield code="c">MQN</subfield><subfield code="d">OCLCQ</subfield></datafield><datafield ind1=" " ind2=" " tag="042"><subfield code="a">msc</subfield></datafield><datafield ind1="0" ind2="4" tag="245"><subfield code="a">The County advertiser/news.</subfield></datafield><datafield ind1=" " ind2=" " tag="260"><subfield code="a">Farmington, Mo. :</subfield><subfield code="b">Farmington News Print. Co.,</subfield><subfield code="c">1979-1982.</subfield></datafield><datafield ind1=" " ind2=" " tag="300"><subfield code="a">v.</subfield></datafield><datafield ind1=" " ind2=" " tag="310"><subfield code="a">Weekly</subfield></datafield><datafield ind1="0" ind2=" " tag="362"><subfield code="a">Vol. 15, no. 18 (Sept. 26, 1979)-v. 18, no. 36 (Dec. 30, 1982).</subfield></datafield><datafield ind1=" " ind2=" " tag="752"><subfield code="a">United States</subfield><subfield code="b">Missouri</subfield><subfield code="c">Saint Francois</subfield><subfield code="d">Farmington.</subfield></datafield><datafield ind1="0" ind2="0" tag="780"><subfield code="t">County news/advertiser</subfield><subfield code="w">(DLC)sn 89067000</subfield></datafield><datafield ind1="0" ind2="7" tag="785"><subfield code="t">Press (Farmington, Mo.)</subfield><subfield code="w">(DLC)sn 89067007</subfield></datafield><datafield ind1="0" ind2="7" tag="785"><subfield code="t">Press-advertiser (Farmington, Mo.)</subfield><subfield code="w">(DLC)sn 89067001</subfield></datafield></record>